@article{sample,
  title={Sample Title},
  author={Sample Author},
  journal={The Quarterly journal of Sample},
  volume={118},
  number={4},
  pages={11--13},
  year={2023}
}
